@article{example,
  author =	 {writer, magnificent and doctor, prof},
  title =	 {Research paper title},
  year =	 2018,
  isbn =	 {123-4-56789-101-1},
  pages =	 {01--10},
  doi =		 {http://doi.acm.org/10.1123/123321.123321},
  publisher =	 {pub},
  address =	 {New York, NY, USA},
}